<?xml version="1.0" encoding="UTF-8"?><record xmlns="http://www.loc.gov/MARC21/slim" xmlns:cinclude="http://apache.org/cocoon/include/1.0" xmlns:zs="http://www.loc.gov/zing/srw/">
  <leader>01530cz  a2200265n  4500</leader>
  <controlfield tag="001">no 98081003 </controlfield>
  <controlfield tag="003">DLC</controlfield>
  <controlfield tag="005">20141218105904.0</controlfield>
  <controlfield tag="008">980424n| azannaabn          |a aaa     c</controlfield>
  <datafield tag="010" ind1=" " ind2=" ">
    <subfield code="a">no 98081003 </subfield>
  </datafield>
  <datafield tag="035" ind1=" " ind2=" ">
    <subfield code="a">(OCoLC)oca04713699</subfield>
  </datafield>
  <datafield tag="040" ind1=" " ind2=" ">
    <subfield code="a">PPi-MA</subfield>
    <subfield code="b">eng</subfield>
    <subfield code="e">rda</subfield>
    <subfield code="c">PPi-MA</subfield>
    <subfield code="d">NcU-Mu</subfield>
    <subfield code="d">OOC</subfield>
    <subfield code="d">WaU</subfield>
    <subfield code="d">DLC</subfield>
  </datafield>
  <datafield tag="100" ind1="1" ind2=" ">
    <subfield code="a">Marcello, Benedetto,</subfield>
    <subfield code="d">1686-1739.</subfield>
    <subfield code="t">Quella fiamma che m'accende</subfield>
  </datafield>
  <datafield tag="400" ind1="1" ind2=" ">
    <subfield code="a">Marcello, Benedetto,</subfield>
    <subfield code="d">1686-1739.</subfield>
    <subfield code="t">Dieses GluĚhen</subfield>
  </datafield>
  <datafield tag="400" ind1="1" ind2=" ">
    <subfield code="a">Marcello, Benedetto,</subfield>
    <subfield code="d">1686-1739.</subfield>
    <subfield code="t">In my heart the flames</subfield>
  </datafield>
  <datafield tag="400" ind1="1" ind2=" ">
    <subfield code="a">Marcello, Benedetto,</subfield>
    <subfield code="d">1686-1739.</subfield>
    <subfield code="t">Mio bel foco</subfield>
  </datafield>
  <datafield tag="400" ind1="1" ind2=" ">
    <subfield code="a">Marcello, Benedetto,</subfield>
    <subfield code="d">1686-1739.</subfield>
    <subfield code="t">Mio bel foco, o lontano o vicino</subfield>
  </datafield>
  <datafield tag="400" ind1="1" ind2=" ">
    <subfield code="a">Marcello, Benedetto,</subfield>
    <subfield code="d">1686-1739.</subfield>
    <subfield code="t">Mio bel fuoco</subfield>
  </datafield>
  <datafield tag="400" ind1="1" ind2=" ">
    <subfield code="a">Marcello, Benedetto,</subfield>
    <subfield code="d">1686-1739.</subfield>
    <subfield code="t">My joyful ardor</subfield>
  </datafield>
  <datafield tag="400" ind1="1" ind2=" ">
    <subfield code="a">Marcello, Benedetto,</subfield>
    <subfield code="d">1686-1739.</subfield>
    <subfield code="t">Quella fiamma</subfield>
  </datafield>
  <datafield tag="500" ind1="1" ind2=" ">
    <subfield code="w">r</subfield>
    <subfield code="i">Derivative (work):</subfield>
    <subfield code="a">Andrini, Victor.</subfield>
    <subfield code="t">Marcello's divertissement</subfield>
  </datafield>
  <datafield tag="670" ind1=" " ind2=" ">
    <subfield code="a">ReĚcital Ewa Podles [SR] p1990:</subfield>
    <subfield code="b">label (Quella fiamma che m'accende)</subfield>
  </datafield>
  <datafield tag="670" ind1=" " ind2=" ">
    <subfield code="a">The music of Benedetto and Alessandro Marcello, 1990</subfield>
    <subfield code="b">(A142. Il mio bel foco; text incipits: recit.: Il mio bel foco, o lontano o vicino; aria: Quella fiamma che m'accende; probably spurious)</subfield>
  </datafield>
  <datafield tag="670" ind1=" " ind2=" ">
    <subfield code="a">OCLC database, Apr. 23, 1998</subfield>
    <subfield code="b">(hdg.: Marcello, Benedetto, 1686-1739. Quella fiamma che m'accende)</subfield>
  </datafield>
  <datafield tag="670" ind1=" " ind2=" ">
    <subfield code="a">Dolukhanova, Z. Zara Dolukhanova [SR] p2004:</subfield>
    <subfield code="b">insert (Quella fiamma che m'accende; long attrib. to Benedetto Marcello, now considered a work of his contemporary Francesco Bartolomeo Conti)</subfield>
  </datafield>
</record>